
@article{mccloskey1989,
  added-at = {2008-03-11T14:52:34.000+0100},
  author = {Mccloskey, Michael and Cohen, Neil J.},
  biburl = {https://www.bibsonomy.org/bibtex/27b30d9eedaa69efbb729ce88413950c1/idsia},
  citeulike-article-id = {2378014},
  interhash = {8801ef19827f17423f0a65954fb09a4e},
  intrahash = {7b30d9eedaa69efbb729ce88413950c1},
  journal = {The Psychology of Learning and Motivation},
  keywords = {nn},
  pages = {104--169},
  priority = {2},
  timestamp = {2008-03-11T15:01:54.000+0100},
  title = {Catastrophic Interference in Connectionist Networks: {T}he Sequential Learning Problem},
  volume = 24,
  year = 1989
}

@article{malo2014,
author = {Malo, Pekka and Sinha, Ankur and Korhonen, Pekka and Wallenius, Jyrki and Takala, Pyry},
title = {Good Debt or Bad Debt: Detecting Semantic Orientations in Economic Texts},
year = {2014},
issue_date = {April 2014},
publisher = {John Wiley & Sons, Inc.},
address = {USA},
volume = {65},
number = {4},
issn = {2330-1635},
url = {https://doi.org/10.1002/asi.23062},
doi = {10.1002/asi.23062},
journal = {J. Assoc. Inf. Sci. Technol.},
month = apr,
pages = {782–796},
numpages = {15},
keywords = {linguistic analysis, economics, automatic classification}
}

@inproceedings{liu2020,
  title={FinBERT: A Pre-trained Financial Language Representation Model for Financial Text Mining},
  author={Zhuang Liu and Degen Huang and Kaiyu Huang and Zhuang Li and J. Zhao},
  booktitle={IJCAI},
  year={2020}
}

@article{loughran2016,
author = {LOUGHRAN, TIM and MCDONALD, BILL},
title = {Textual Analysis in Accounting and Finance: A Survey},
journal = {Journal of Accounting Research},
volume = {54},
number = {4},
pages = {1187-1230},
keywords = {D82, D83, G14, G18, G30, M40, M41, textual analysis, sentiment analysis, bag of words, readability, word lists, Zipf's law, cosine similarity, Naïve Bayes},
doi = {https://doi.org/10.1111/1475-679X.12123},
url = {https://onlinelibrary.wiley.com/doi/abs/10.1111/1475-679X.12123},
eprint = {https://onlinelibrary.wiley.com/doi/pdf/10.1111/1475-679X.12123},
year = {2016}
}

@article{yang2020,
  author    = {Yi Yang and
               Mark Christopher Siy Uy and
               Allen Huang},
  title     = {FinBERT: {A} Pretrained Language Model for Financial Communications},
  journal   = {CoRR},
  volume    = {abs/2006.08097},
  year      = {2020},
  url       = {https://arxiv.org/abs/2006.08097},
  archivePrefix = {arXiv},
  eprint    = {2006.08097},
  timestamp = {Wed, 17 Jun 2020 14:28:54 +0200},
  biburl    = {https://dblp.org/rec/journals/corr/abs-2006-08097.bib},
  bibsource = {dblp computer science bibliography, https://dblp.org}
}

@inproceedings{kogan2009,
    title = "Predicting Risk from Financial Reports with Regression",
    author = "Kogan, Shimon  and
      Levin, Dimitry  and
      Routledge, Bryan R.  and
      Sagi, Jacob S.  and
      Smith, Noah A.",
    booktitle = "Proceedings of Human Language Technologies: The 2009 Annual Conference of the North {A}merican Chapter of the Association for Computational Linguistics",
    month = jun,
    year = "2009",
    address = "Boulder, Colorado",
    publisher = "Association for Computational Linguistics",
    url = "https://www.aclweb.org/anthology/N09-1031",
    pages = "272--280",
}

@article{araci2019,
  author    = {Dogu Araci},
  title     = {FinBERT: Financial Sentiment Analysis with Pre-trained Language Models},
  journal   = {CoRR},
  volume    = {abs/1908.10063},
  year      = {2019},
  url       = {http://arxiv.org/abs/1908.10063},
  archivePrefix = {arXiv},
  eprint    = {1908.10063},
  timestamp = {Thu, 29 Aug 2019 16:32:34 +0200},
  biburl    = {https://dblp.org/rec/journals/corr/abs-1908-10063.bib},
  bibsource = {dblp computer science bibliography, https://dblp.org}
}

@inproceedings{navid2017,
    title = "Volatility Prediction using Financial Disclosures Sentiments with Word Embedding-based {IR} Models",
    author = {Rekabsaz, Navid  and
      Lupu, Mihai  and
      Baklanov, Artem  and
      D{\"u}r, Alexander  and
      Andersson, Linda  and
      Hanbury, Allan},
    booktitle = "Proceedings of the 55th Annual Meeting of the Association for Computational Linguistics (Volume 1: Long Papers)",
    month = jul,
    year = "2017",
    address = "Vancouver, Canada",
    publisher = "Association for Computational Linguistics",
    url = "https://www.aclweb.org/anthology/P17-1157",
    doi = "10.18653/v1/P17-1157",
    pages = "1712--1721",
}

@inproceedings{ding2014,
    title = "Using Structured Events to Predict Stock Price Movement: An Empirical Investigation",
    author = "Ding, Xiao  and
      Zhang, Yue  and
      Liu, Ting  and
      Duan, Junwen",
    booktitle = "Proceedings of the 2014 Conference on Empirical Methods in Natural Language Processing ({EMNLP})",
    month = oct,
    year = "2014",
    address = "Doha, Qatar",
    publisher = "Association for Computational Linguistics",
    url = "https://www.aclweb.org/anthology/D14-1148",
    doi = "10.3115/v1/D14-1148",
    pages = "1415--1425",
}

@article{steven2017,
author = {Steven L. Heston and Nitish Ranjan Sinha},
title = {News vs. Sentiment: Predicting Stock Returns from News Stories},
journal = {Financial Analysts Journal},
volume = {73},
number = {3},
pages = {67-83},
year  = {2017},
publisher = {Routledge},
doi = {10.2469/faj.v73.n3.3},
URL = { 
        https://doi.org/10.2469/faj.v73.n3.3
},
eprint = { 
        https://doi.org/10.2469/faj.v73.n3.3   
}
}

@inproceedings{ding2015,
author = {Ding, Xiao and Zhang, Yue and Liu, Ting and Duan, Junwen},
title = {Deep Learning for Event-Driven Stock Prediction},
year = {2015},
isbn = {9781577357384},
publisher = {AAAI Press},
booktitle = {Proceedings of the 24th International Conference on Artificial Intelligence},
pages = {2327–2333},
numpages = {7},
location = {Buenos Aires, Argentina},
series = {IJCAI'15}
}

@inproceedings{maia2018,
author = {Maia, Macedo and Handschuh, Siegfried and Freitas, Andr\'{e} and Davis, Brian and McDermott, Ross and Zarrouk, Manel and Balahur, Alexandra},
title = {WWW'18 Open Challenge: Financial Opinion Mining and Question Answering},
year = {2018},
isbn = {9781450356404},
publisher = {International World Wide Web Conferences Steering Committee},
address = {Republic and Canton of Geneva, CHE},
url = {https://doi.org/10.1145/3184558.3192301},
doi = {10.1145/3184558.3192301},
booktitle = {Companion Proceedings of the The Web Conference 2018},
pages = {1941–1942},
numpages = {2},
keywords = {question answering, opinion mining, financial domain},
location = {Lyon, France},
series = {WWW '18}
}

@misc{yang2018,
      title={Financial Aspect-Based Sentiment Analysis using Deep Representations}, 
      author={Steve Yang and Jason Rosenfeld and Jacques Makutonin},
      year={2018},
      eprint={1808.07931},
      archivePrefix={arXiv},
      primaryClass={cs.CL}
}

@misc{ozbayoglu2020,
      title={Deep Learning for Financial Applications : A Survey}, 
      author={Ahmet Murat Ozbayoglu and Mehmet Ugur Gudelek and Omer Berat Sezer},
      year={2020},
      eprint={2002.05786},
      archivePrefix={arXiv},
      primaryClass={q-fin.ST}
}

@inproceedings{theil2019,
  title     = {PRoFET: Predicting the Risk of Firms from Event Transcripts},
  author    = {Theil, Christoph Kilian and Broscheit, Samuel and Stuckenschmidt, Heiner},
  booktitle = {Proceedings of the Twenty-Eighth International Joint Conference on
               Artificial Intelligence, {IJCAI-19}},
  publisher = {International Joint Conferences on Artificial Intelligence Organization},             
  pages     = {5211--5217},
  year      = {2019},
  month     = {7},
  doi       = {10.24963/ijcai.2019/724},
  url       = {https://doi.org/10.24963/ijcai.2019/724},
}




%Birinci paper icin referanslar
@inproceedings{dai2015,
author = {Dai, Andrew M. and Le, Quoc V.},
title = {Semi-Supervised Sequence Learning},
year = {2015},
publisher = {MIT Press},
address = {Cambridge, MA, USA},
pages = {3079–3087},
numpages = {9},
location = {Montreal, Canada},
series = {NIPS'15}
}



@inproceedings{peters2018,
    title = "Deep Contextualized Word Representations",
    author = "Peters, Matthew  and
      Neumann, Mark  and
      Iyyer, Mohit  and
      Gardner, Matt  and
      Clark, Christopher  and
      Lee, Kenton  and
      Zettlemoyer, Luke",
    booktitle = "Proceedings of the 2018 Conference of the North {A}merican Chapter of the Association for Computational Linguistics: Human Language Technologies, Volume 1 (Long Papers)",
    month = jun,
    year = "2018",
    address = "New Orleans, Louisiana",
    publisher = "Association for Computational Linguistics",
    url = "https://www.aclweb.org/anthology/N18-1202",
    doi = "10.18653/v1/N18-1202",
    pages = "2227--2237",
}

@inproceedings{howard2018,
    title = "Universal Language Model Fine-tuning for Text Classification",
    author = "Howard, Jeremy  and
      Ruder, Sebastian",
    booktitle = "Proceedings of the 56th Annual Meeting of the Association for Computational Linguistics (Volume 1: Long Papers)",
    month = jul,
    year = "2018",
    address = "Melbourne, Australia",
    publisher = "Association for Computational Linguistics",
    url = "https://www.aclweb.org/anthology/P18-1031",
    doi = "10.18653/v1/P18-1031",
    pages = "328--339",
}

%GPT
@inproceedings{radford2018,
  title={Improving Language Understanding by Generative Pre-Training},
  author={A. Radford},
  year={2018}
}

%GPT2
@article{radford2019,
  title={Language Models are Unsupervised Multitask Learners},
  author={Radford, Alec and Wu, Jeff and Child, Rewon and Luan, David and Amodei, Dario and Sutskever, Ilya},
  year={2019}
}

@inproceedings{devlin2019,
    title = "{BERT}: Pre-training of Deep Bidirectional Transformers for Language Understanding",
    author = "Devlin, Jacob  and
      Chang, Ming-Wei  and
      Lee, Kenton  and
      Toutanova, Kristina",
    booktitle = "Proceedings of the 2019 Conference of the North {A}merican Chapter of the Association for Computational Linguistics: Human Language Technologies, Volume 1 (Long and Short Papers)",
    month = jun,
    year = "2019",
    address = "Minneapolis, Minnesota",
    publisher = "Association for Computational Linguistics",
    url = "https://www.aclweb.org/anthology/N19-1423",
    doi = "10.18653/v1/N19-1423",
    pages = "4171--4186",
}

@inproceedings{yang2019,
 author = {Yang, Zhilin and Dai, Zihang and Yang, Yiming and Carbonell, Jaime and Salakhutdinov, Russ R and Le, Quoc V},
 booktitle = {Advances in Neural Information Processing Systems},
 editor = {H. Wallach and H. Larochelle and A. Beygelzimer and F. d\textquotesingle Alch\'{e}-Buc and E. Fox and R. Garnett},
 pages = {5753--5763},
 publisher = {Curran Associates, Inc.},
 title = {XLNet: Generalized Autoregressive Pretraining for Language Understanding},
 url = {https://proceedings.neurips.cc/paper/2019/file/dc6a7e655d7e5840e66733e9ee67cc69-Paper.pdf},
 volume = {32},
 year = {2019}
}
%huggingface library
@article{wolf2019huggingface,
  title={HuggingFace's Transformers: State-of-the-art natural language processing},
  author={Wolf, Thomas and Debut, Lysandre and Sanh, Victor and Chaumond, Julien and Delangue, Clement and Moi, Anthony and Cistac, Pierric and Rault, Tim and Louf, R{\'e}mi and Funtowicz, Morgan and others},
  journal={arXiv preprint arXiv:1910.03771},
  year={2019}
}
@inproceedings{vaswani2017attention,
  title={Attention is all you need},
  author={Vaswani, Ashish and Shazeer, Noam and Parmar, Niki and Uszkoreit, Jakob and Jones, Llion and Gomez, Aidan N and Kaiser, {\L}ukasz and Polosukhin, Illia},
  booktitle={Advances in neural information processing systems},
  pages={5998--6008},
  year={2017}
}
